% This file was created with Citavi 6.11.0.0

@book{Bleisch.2011,
 author = {Bleisch, G{\"u}nter and Majschak, Jens-Peter and Wei{\ss}, Uta},
 year = {2011},
 title = {Verpackungstechnische Prozesse: Lebensmittel-, Pharma- und Chemieindustrie},
 url = {http://www.behrs.de/},
 keywords = {Verfahrenstechnik;Verpackungstechnik},
 address = {Hamburg},
 edition = {1. Aufl.},
 publisher = {Behr},
 isbn = {9783899472813},
 series = {Theorie und Praxis}
}


@book{Brock.2009,
 author = {Brock, Thomas and R{\"O}MPP-Redaktion and Seibel, J{\"u}rgen},
 year = {2009},
 title = {Verdickungsmittel},
 url = {https://roempp.thieme.de/lexicon/RD-22-00381},
 publisher = {{Thieme Gruppe}}
}


@book{Bschorer.2018,
 author = {Bschorer, Sabine},
 year = {2018},
 title = {Technische Str{\"o}mungslehre: Lehr- und {\"U}bungsbuch},
 url = {http://www.springer.com/},
 price = {Broschur : EUR 32.99 (DE), EUR 33.92 (AT), CHF 34.00 (freier Preis)},
 address = {Wiesbaden and Heidelberg},
 edition = {11., {\"u}berarbeitete und erweiterte Auflage},
 publisher = {{Springer Vieweg}},
 isbn = {978-3-658-20037-4},
 series = {Lehrbuch},
 institution = {{Springer Fachmedien Wiesbaden}},
 note = {Bschorer, Sabine (VerfasserIn)

B{\"o}swirth, Leopold (Sonstige Person, Familie und K{\"o}rperschaft)

Buck, Thomas (MitwirkendeR)}
}


@book{Drechsel.2008,
 author = {Drechsel, Dirk and Vetter, Franz},
 year = {2008},
 title = {W{\"a}ge-, Abf{\"u}ll- und Verpackungsprozesse: Automatisierung, Mechatronik, Projektierung, Planung, Handhabung, eichrechtliche Bestimmungen] ; mit 75 Tabellen},
 url = {http://deposit.d-nb.de/cgi-bin/dokserv?id=2990145&prov=M&dok_var=1&dok_ext=htm},
 price = {EUR 68.00},
 address = {M{\"u}nchen},
 edition = {2., v{\"o}llig {\"u}berarb. Aufl.},
 publisher = {{Oldenbourg Industrieverl.}},
 isbn = {3835631314}
}


@book{Dulger.2016,
 abstract = {Titel -- Autoren -- Vorwort -- Glossar -- Verwendete Symbole in Bildern -- Inhaltsverzeichnis -- Teil I: Grundlagen, Konstruktionen -- 1 Der Verfahrensschritt Dosieren -- 2 Definition und Arbeitsweise von Dosierpumpen -- 3 Einflussgr{\"o}{\ss}en auf den Dosierstrom -- 3.1 Die Dosierstrom-Gleichung -- 3.2 Dosierstrom-Kennlinien -- 4 Konstruktionsprinzipien -- 4.1 Antriebseinheiten -- 4.2 F{\"o}rdereinheiten (Pumpenk{\"o}pfe) -- 4.3 Steuereinheiten -- 4.4 Baureihen-Konzepte -- 5 Leistungsbereich und F{\"o}rderverhalten -- 5.1 Leistungs{\"u}bersicht -- 5.2 F{\"o}rdercharakteristik -- 5.3 Erforderliche Antriebsleistung (Motorleistung) -- 6 Marktg{\"a}ngige Konstruktionen -- 6.1 Magnet-Dosierpumpen -- 6.2 Dosierpumpen mit Schrittmotor-Antrieb -- 6.3 Dosier- und Prozesspumpen mit Drehstrommotor-Antrieb -- 6.4 Dosierpumpen-Triebwerke -- 6.5 Pumpenk{\"o}pfe (F{\"o}rdereinheiten) -- 7 Wirkungsgrade, Energieverbrauch, Gesamtkosten -- 7.1 Volumetrischer Wirkungsgrad -- 7.2 Energetischer Wirkungsgrad -- 7.3 Energieeffizienz verschiedener Pumpen im Vergleich -- 7.4 Spitzenreiter im Energiesparen: Die ZENTRIPLEX-Membranpumpe -- 7.5 Lebenszykluskosten -- 8 Zusammenspiel von Dosierpumpe und Rohrleitungssystem -- 8.1 Hydraulische Druckschwingungen in der Anlage -- 8.2 Druckst{\"o}{\ss}e -- 8.3 {\"U}berpr{\"u}fen der Betriebskriterien -- 8.4 Pulsationsd{\"a}mpfung -- 8.5 Kavitation im Arbeitsraum von Dosierpumpen -- 8.6 NPSH und NPIP -- 8.7 Rohrleitungsauslegung (Rechenbeispiele) -- Teil II: Praktische Anwendung -- 9 Anwendungsbereich von Dosierpumpen -- 9.1 Dosierbare Stoffe -- 9.2 Auswahl der richtigen Dosierpumpe -- 10 Einfl{\"u}sse der Fluideigenschaften auf  den Dosiervorgang -- 10.1 Dichte -- 10.2 Viskosit{\"a}t -- 10.3 Feststoffanteile -- 11 Einbindung der Dosierpumpe in den  Gesamtprozess -- 11.1 Betriebsarten -- 11.2 Hydraulische Installation -- 11.3 Mess- und regelungstechnische Einbindung



11.4 Zu beachtende Vorschriften und Verordnungen -- 12 Dosierverfahren, Dosierarten -- 12.1 Kontinuierliche Dosierung -- 12.2 Chargendosierung -- 12.3 Mengenproportionale Dosierung -- 12.4 Bedarfsabh{\"a}ngige Dosierung -- 13 Installationsempfehlungen -- 13.1 Dosieren in eine Rohrleitung unter konstantem Druck -- 13.2 Schutz vor {\"U}berdruck in der Dosierleitung -- 13.3 Dosieren bei schwankendem oder  wechselndem Gegendruck -- 13.4 Dosieren mit Dosierstrommessung -- 13.5 Dosieren bei freiem Auslauf (in einen Beh{\"a}lter,in ein Becken usw.) -- 13.6 Saugseitiger Vordruck -- 13.7 Ung{\"u}nstiger Verlauf der Saugleitung und / oderausgasendes Fluid -- 13.8 Installationsempfehlung f{\"u}r erleichtertes Ansaugen -- 13.9 Pulsationsd{\"a}mpfung -- 13.10 Dosieren von Suspensionen und Emulsionen -- 13.11 Dosieren viskoser Fluide -- 14 Applikationen (Anwendungsbeispiele) -- 14.1 Typische Anwendungsbereiche von Dosiereinrichtungen (Auswahl) -- 14.2 Applikationsbeispiele},
 author = {Dulger, Rainer V. and Fuchs, Klaus and Arnold, Christian and Freissler, Bernd and Fritsch, Horst and Rummer, Michael and Dulger, Viktor},
 year = {2016},
 title = {Richtig dosieren: Fl{\"u}ssigkeiten dosieren, messen, regeln},
 url = {https://ebookcentral.proquest.com/lib/gbv/detail.action?docID=5058409},
 address = {W{\"u}rzburg},
 edition = {1st ed.},
 publisher = {{Vogel Buchverlag}},
 isbn = {9783834362261}
}


@book{Foth.2005,
 author = {Foth, Hans-Jochen},
 year = {2005},
 title = {Hagen-Poiseuillesches Gesetz},
 url = {https://roempp.thieme.de/lexicon/RD-08-00189},
 publisher = {{Thieme Gruppe}}
}


@book{Foth.2010,
 author = {Foth, Hans-Jochen and H{\"u}lsenberg, Dagmar},
 year = {2010},
 title = {Viskosit{\"a}t},
 url = {https://roempp.thieme.de/lexicon/RD-22-00924},
 publisher = {{Thieme Gruppe}}
}


@book{Foth.2014,
 author = {Foth, Hans-Jochen},
 year = {2014},
 title = {Reynolds-Zahl},
 url = {https://roempp.thieme.de/lexicon/RD-18-01140},
 publisher = {{Thieme Gruppe}}
}


@book{Holze.2010,
 author = {Holze, Rudolf},
 year = {2010},
 title = {Nichtnewtonsche Fl{\"u}ssigkeiten},
 url = {https://roempp.thieme.de/lexicon/RD-14-01075},
 publisher = {{Thieme Gruppe}}
}


@book{Mezger.2016,
 abstract = {Frontmatter -- Auf ein Wort -- Inhaltsverzeichnis -- 1. Einleitung -- 2. Flie{\ss}verhalten und Viskosit{\"a}t -- 3. Rotationsversuche -- 4. Elastisches Verhalten und Schubmodul -- 5. Viskoelastisches Verhalten -- 6. Kriechversuch -- 7. Relaxationsversuch -- 8. Oszillationsversuche -- 9. Komplexes Verhalten von Tensidsystemen -- 10. Messsysteme -- 11. Messger{\"a}te -- 12. Leitfaden f{\"u}r rheologische Versuche -- 13. Scherversuche mit Pulvern und Sch{\"u}ttg{\"u}tern -- 14. Rheologen und die historische Entwicklung der Rheologie -- 15. Anhang -- 16. Normen -- Lebenslauf -- Danksagung -- Index



Um die M{\"o}glichkeiten der Rheologie in der industriellen Praxis zielgerichtet einsetzen zu k{\"o}nnen, ist ein fundiertes theoretisches Grundwissen, aber auch ein praxisorientiertes Verst{\"a}ndnis f{\"u}r Versuche zur Materialcharakterisierung erforderlich. Genau dort setzt das Standardwerk von Thomas Mezger nun bereits in der f{\"u}nften Auflage an: Die neue, {\"u}berarbeitete Auflage wurde um zahlreiche Beispieleaus der Praxis erg{\"a}nzt und bringt sowohl Anf{\"a}ngern als auch fortgeschrittenen Anwendern eine Vielzahl an praktischen Einsatzm{\"o}glichkeiten der Rheologie n{\"a}her. Eine aktualisierte {\"U}bersicht relevanter Normen sowie ein neues Kapitel zur Pulver-Rheologie runden das verst{\"a}ndliche Lehrbuch ab},
 year = {2016},
 title = {Das Rheologie Handbuch: F{\"u}r Anwender von Rotations- und Oszillations-Rheometern},
 address = {Hannover},
 edition = {5., vollst{\"a}ndig {\"u}berarbeitete Auflage},
 publisher = {{Vincentz Network}},
 isbn = {9783748600121},
 series = {FARBE UND LACK / BIBLIOTHEK},
 editor = {Mezger, Thomas},
 doi = {10.1515/9783748600121}
}


@booklet{Msimca.2017,
 author = {Msimca},
 year = {14.05.2017},
 title = {Reynoldszahl-Diagramm f{\"u}r gerade Rohrleitungen nach Prandtl-Colebrook},
 url = {https://upload.wikimedia.org/wikipedia/commons/f/f3/R_Rohrreibungsbeiwert.jpg},
 urldate = {2022-01-27},
 note = {CC-BY-SA-4.0}
}


@booklet{MunzingChemieGmbH.2014,
 editor = {{M{\"u}nzing Chemie GmbH}},
 year = {M{\"a}rz 2014},
 title = {Technisches Datenblatt - TAFIGEL PUR 85},
 url = {https://www.munzing.com/static/06f130839b44f324b19e0c2d6e8ace93/td_TAFIGEL_PUR_85_DE_f12e7b1de6.pdf},
 urldate = {2022-01-28}
}


@book{VDIVDEGesellschaftMessundAutomatisierungstechnik.2002,
 year = {2002},
 title = {Abf{\"u}llen und Dosieren von Fl{\"u}ssigkeiten und Feststoffen: Anwendungen und neue Trends ; Tagung Langen 4. und 5. M{\"a}rz 2002},
 price = {EUR 58.00},
 address = {D{\"u}sseldorf},
 volume = {1652},
 publisher = {VDI-Verl.},
 isbn = {3180916524},
 series = {VDI-Berichte},
 institution = {{VDI/VDE-Gesellschaft Mess- und Automatisierungstechnik} and Tagung}
}


@book{Vetter.2002,
 year = {2002},
 title = {Handbuch Dosieren},
 price = {EUR 110.00},
 address = {Essen},
 edition = {2. Aufl.},
 publisher = {Vulkan-Verl.},
 isbn = {3802721993},
 editor = {Vetter, Gerhard}
}


