% This file was created with Citavi 6.11.0.0

@article{.,
 abstract = {},
 title = {A017{\_}Gesamtdokument},
 file = {A017_Gesamtdokument:Attachments/A017_Gesamtdokument.pdf:application/pdf}
}


@misc{.01.02.2022,
 abstract = {Technische Details und allgemeine Informationen zu IBC Containern, wie Abmessungen, Gewinde, Gewicht, Paletten-Typen Besonderheiten},
 editor = {{Barrel Trading GmbH {\&} Co. KG}},
 year = {01.02.2022},
 title = {IBC - Aufbau, Maße, Gewicht und weitere Informationen - wassertank-ibc.de},
 url = {https://wassertank-ibc.de/content/IBC---Aufbau--Ma-e--Gewicht-und-weitere-Informationen.html},
 lastchecked = {01.02.2022}
}


@misc{ALBO.22.02.2022,
 abstract = {},
 author = {{Alberdingk Boley GmbH}},
 year = {22.02.2022},
 title = {Produkte: Alberdingk Boley},
 url = {http://www.alberdingk-boley.de/produkte.html},
 lastchecked = {22.02.2022},
 note = {Copyright: Alberdingk Boley GmbH}
}


@misc{bgci.10.02.2022,
 abstract = {Die Berufsgenossenschaft Rohstoffe und chemische Industrie (BG RCI) ist gesetzlicher Unfallversicherungsträger für die Branchen Bergbau, Baustoffe - Steine - Erden, Chemische Industrie, Lederindustrie, Papierherstellung und Ausrüstung sowie Zucker. Wir beraten und betreuen in allen Fragen rund um den Arbeits- und Gesundheitsschutz.},
 editor = {{Berufsgenossenschaft Rohstoffe und chemische Industrie}},
 year = {10.02.2022},
 title = {1.1 Was enthält die EG-Richtlinie 2014/34/EU?},
 url = {https://www.bgrci.de/exinfode/ex-schutz-wissen/antworten-auf-haeufig-gestellte-fragen/mess-und-warngeraete/11-was-enthaelt-die-eg-richtlinie-201434eu},
 lastchecked = {10.02.2022}
}


@misc{bgn.2018,
 abstract = {},
 author = {BGN-Branchenwissen},
 editor = {{Berufsgenossenschaft Nahrungsmittel und Gastgewerbe}},
 year = {08.10.2018},
 title = {Leitfaden ATEX 137: 3. Technische Maßnahmen des Explosionsschutzes},
 url = {https://www.bgn-branchenwissen.de/daten/gv/atex137lf/3.htm},
 lastchecked = {08.02.2022},
 note = {Copyright: copyright BC GmbH Verlags- und Mediengesellschaft, 2010}
}


@book{Bierwerth.2019,
 abstract = {},
 author = {Bierwerth, Walter},
 year = {2019},
 title = {Tabellenbuch Chemietechnik: Daten, Formeln, Normen, Vergleichende Betrachtungen aus den Bereichen: allgemeine und technische Mathematik, Physik, Chemie, Verfahrenstechnik, Werkstoffkunde, Prozessleittechnik/MSR-Technik, Arbeitssicherheit},
 price = {EUR 33.90 (DE)},
 address = {Haan-Gruiten},
 edition = {11. erweiterte Auflage},
 publisher = {{Verlag Europa-Lehrmittel Nourney Vollmer GmbH {\&} Co. KG}},
 isbn = {9783808525166},
 series = {Europa-Fachbuchreihe für Chemieberufe},
 institution = {{Verlag Europa-Lehrmittel Nourney, Vollmer GmbH {\&} Co}},
 note = {Bierwerth, Walter (VerfasserIn)}
}


@book{Bindel.2018,
 abstract = {},
 author = {Bindel, Thomas and Hofmann, Dieter},
 year = {2018},
 title = {EMSR-Stellenplan},
 address = {Wiesbaden},
 publisher = {{Springer Fachmedien Wiesbaden}},
 isbn = {978-3-658-21731-0},
 doi = {10.1007/978-3-658-21732-7},
 file = {EMSR-Stellenplan by Thomas Bindel, Dieter Hofmann (z-lib.org):Attachments/EMSR-Stellenplan by Thomas Bindel, Dieter Hofmann (z-lib.org).pdf:application/pdf}
}


@book{Bleisch.2011,
 abstract = {},
 author = {Bleisch, Günter and Majschak, Jens-Peter and Weiß, Uta},
 year = {2011},
 title = {Verpackungstechnische Prozesse: Lebensmittel-, Pharma- und Chemieindustrie},
 url = {http://www.behrs.de/},
 keywords = {Verfahrenstechnik;Verpackungstechnik},
 address = {Hamburg},
 edition = {1. Aufl.},
 publisher = {Behr},
 isbn = {9783899472813},
 series = {Theorie und Praxis}
}


@book{Brock.2009,
 abstract = {},
 author = {Brock, Thomas and RÖMPP-Redaktion and Seibel, Jürgen},
 year = {2009},
 title = {Verdickungsmittel},
 url = {https://roempp.thieme.de/lexicon/RD-22-00381},
 publisher = {{Thieme Gruppe}}
}


@misc{brookfield_31.01.2022,
 abstract = {},
 editor = {{BROOKFIELD ENGINEERING LABORATORIES, INC.}},
 title = {BROOKFIELD DV-I PRIME Operating Instructions BROOKFIELD DV-I PRIME Digital Viscometer},
 url = {https://www.brookfieldengineering.com/-/media/ametekbrookfield/manuals/obsolete%20manuals/dv-i%20prime%20m07-022-d0613.pdf?la=en},
 lastchecked = {31.01.2022},
 file = {dv-i prime m07-022-d0613:Attachments/dv-i prime m07-022-d0613.pdf:application/pdf}
}


@book{Bschorer.2018,
 abstract = {},
 author = {Bschorer, Sabine},
 year = {2018},
 title = {Technische Strömungslehre: Lehr- und Übungsbuch},
 price = {Broschur : EUR 32.99 (DE), EUR 33.92 (AT), CHF 34.00 (freier Preis)},
 address = {Wiesbaden and Heidelberg},
 edition = {11., überarbeitete und erweiterte Auflage},
 publisher = {{Springer Vieweg}},
 isbn = {978-3-658-20037-4},
 series = {Lehrbuch},
 institution = {{Springer Fachmedien Wiesbaden}}
}


@misc{byk.2020,
 abstract = {VOC-freier Assoziativverdicker (HEUR) für wässrige Systeme zur Erzeugung eines leicht pseudoplastischen Fließverhaltens: RHEOBYK-H 3300 VF},
 editor = {{BYK-Chemie GmbH}},
 year = {2020},
 title = {Sicherheitstechnisches Datenblatt - RHEOBYK-H 3300 VF},
 url = {https://www.byk.com/de/produkte/additive-nach-namen/rheobyk-h-3300-vf},
 lastchecked = {22.02.2022},
 edition = {3},
 file = {SDS_RHEOBYK-H_3300_VF_SDB_DE_DE:Attachments/SDS_RHEOBYK-H_3300_VF_SDB_DE_DE.pdf:application/pdf}
}


@misc{D.Stepanek.Unbekannt,
 abstract = {},
 author = {{D. Stepanek}},
 editor = {{SCHWING Verfahrenstechnik}},
 year = {Unbekannt},
 title = {Was den Betreiber von Massedurchflussmessern nach dem CORIOLIS-Prinzip interessiert},
 url = {http://www.inelektro.de/P051a.pdf},
 lastchecked = {06.02.2022},
 file = {P051a:Attachments/P051a.pdf:application/pdf}
}


@book{Dahm.2021,
 abstract = {},
 author = {Dahm, Johanna},
 year = {2021},
 title = {Die Entscheidungs-Matrix},
 address = {Berlin, Heidelberg},
 publisher = {{Springer Berlin Heidelberg}},
 isbn = {978-3-662-62374-9},
 doi = {10.1007/978-3-662-62375-6},
 file = {Dahm2021_Book_DieEntscheidungs-Matrix:Attachments/Dahm2021_Book_DieEntscheidungs-Matrix.pdf:application/pdf}
}


@misc{denizen.2017,
 abstract = {Instrumentation diagrams are used for understanding the process system.  P{\&}ID that is Piping and instrument diagrams or Process instrumentation diagrams show you each loop in the system, the instruments that comprise loop and identify all process variables. A P{\&}ID gives you an overall picture of how the process functions but sometimes you need more specific information about how instruments and devices are connected for power or communication. Instrument Loop Diagrams are used for this purpose. ...},
 author = {denizen},
 editor = {forumautomation.com},
 year = {2017},
 title = {What is an Instrumentation Loop Diagram?},
 url = {https://forumautomation.com/t/what-is-an-instrumentation-loop-diagram/2577},
 lastchecked = {14.02.2022}
}


@misc{DINDeutschesInstitutfurNormunge.V..Februar2013,
 abstract = {},
 year = {Februar 2013},
 title = {Kautschuk-Latex – Bestimmung der Viskosität nach dem Brookfield-Verfahren (DIN ISO 1652:2011)},
 address = {Berlin},
 volume = {ICS 83.040.10},
 number = {DIN ISO 1652},
 publisher = {{Beuth Verlag GmbH}},
 author = {{DIN Deutsches Institut für Normung e. V.}},
 file = {DIN_ISO_1652_Bestimmung_Viskosität_Brookfield:Attachments/DIN_ISO_1652_Bestimmung_Viskosität_Brookfield.pdf:application/pdf}
}


@misc{DINDeutschesInstitutfurNormunge.V..September2018,
 abstract = {},
 year = {September 2018},
 title = {Kunststoffe – Harze im flüssigen Zustand, als Emulsionen oder Dispersionen – Bestimmung der scheinbaren Viskosität mit einem Rotationsviskosimeter mit Einzelzylinder (DIN EN ISO 2555:2018)},
 address = {Berlin},
 volume = {ICS 83.080.01},
 number = {DIN EN ISO 2555},
 publisher = {{Beuth Verlag GmbH}},
 author = {{DIN Deutsches Institut für Normung e. V.}},
 file = {DIN_EN_ISO_2555_Harze_Flüssigzustand_Emulsion_Dispersion_092018:Attachments/DIN_EN_ISO_2555_Harze_Flüssigzustand_Emulsion_Dispersion_092018.pdf:application/pdf}
}


@book{Distler.1999,
 abstract = {},
 year = {1999},
 title = {Wäßrige Polymerdispersionen: Synthese, Eigenschaften, Anwendungen},
 keywords = {Dispersion;Polymers},
 address = {Weinheim and New York and Chichester and Brisbane and Singapore and Toronto},
 publisher = {Wiley-VCH},
 isbn = {3527295879},
 editor = {Distler, Dieter},
 file = {Wässrige Polymerdispersionen Synthese, Eigenschaften, Anwendungen by Dieter Distler John Wiley Sons (z-lib.org):Attachments/Wässrige Polymerdispersionen Synthese, Eigenschaften, Anwendungen by Dieter Distler John Wiley Sons (z-lib.org).pdf:application/pdf}
}


@book{Drechsel.2008,
 abstract = {},
 author = {Drechsel, Dirk and Vetter, Franz},
 year = {2008},
 title = {Wäge-, Abfüll- und Verpackungsprozesse: Automatisierung, Mechatronik, Projektierung, Planung, Handhabung, eichrechtliche Bestimmungen] ; mit 75 Tabellen},
 url = {http://deposit.d-nb.de/cgi-bin/dokserv?id=2990145&prov=M&dok_var=1&dok_ext=htm},
 price = {EUR 68.00},
 address = {München},
 edition = {2., völlig überarb. Aufl.},
 publisher = {{Oldenbourg Industrieverl.}},
 isbn = {3835631314}
}


@misc{Duden.10.02.2022,
 abstract = {Definition, Rechtschreibung, Synonyme und Grammatik von 'Heuristik' auf Duden online nachschlagen. Wörterbuch der deutschen Sprache.},
 author = {Duden},
 year = {10.02.2022},
 title = {Heuristik},
 url = {https://www.duden.de/rechtschreibung/Heuristik},
 lastchecked = {10.02.2022}
}


@book{Dulger.2016,
 abstract = {Titel -- Autoren -- Vorwort -- Glossar -- Verwendete Symbole in Bildern -- Inhaltsverzeichnis -- Teil I: Grundlagen, Konstruktionen -- 1 Der Verfahrensschritt Dosieren -- 2 Definition und Arbeitsweise von Dosierpumpen -- 3 Einflussgrößen auf den Dosierstrom -- 3.1 Die Dosierstrom-Gleichung -- 3.2 Dosierstrom-Kennlinien -- 4 Konstruktionsprinzipien -- 4.1 Antriebseinheiten -- 4.2 Fördereinheiten (Pumpenköpfe) -- 4.3 Steuereinheiten -- 4.4 Baureihen-Konzepte -- 5 Leistungsbereich und Förderverhalten -- 5.1 Leistungsübersicht -- 5.2 Fördercharakteristik -- 5.3 Erforderliche Antriebsleistung (Motorleistung) -- 6 Marktgängige Konstruktionen -- 6.1 Magnet-Dosierpumpen -- 6.2 Dosierpumpen mit Schrittmotor-Antrieb -- 6.3 Dosier- und Prozesspumpen mit Drehstrommotor-Antrieb -- 6.4 Dosierpumpen-Triebwerke -- 6.5 Pumpenköpfe (Fördereinheiten) -- 7 Wirkungsgrade, Energieverbrauch, Gesamtkosten -- 7.1 Volumetrischer Wirkungsgrad -- 7.2 Energetischer Wirkungsgrad -- 7.3 Energieeffizienz verschiedener Pumpen im Vergleich -- 7.4 Spitzenreiter im Energiesparen: Die ZENTRIPLEX-Membranpumpe -- 7.5 Lebenszykluskosten -- 8 Zusammenspiel von Dosierpumpe und Rohrleitungssystem -- 8.1 Hydraulische Druckschwingungen in der Anlage -- 8.2 Druckstöße -- 8.3 Überprüfen der Betriebskriterien -- 8.4 Pulsationsdämpfung -- 8.5 Kavitation im Arbeitsraum von Dosierpumpen -- 8.6 NPSH und NPIP -- 8.7 Rohrleitungsauslegung (Rechenbeispiele) -- Teil II: Praktische Anwendung -- 9 Anwendungsbereich von Dosierpumpen -- 9.1 Dosierbare Stoffe -- 9.2 Auswahl der richtigen Dosierpumpe -- 10 Einflüsse der Fluideigenschaften auf  den Dosiervorgang -- 10.1 Dichte -- 10.2 Viskosität -- 10.3 Feststoffanteile -- 11 Einbindung der Dosierpumpe in den  Gesamtprozess -- 11.1 Betriebsarten -- 11.2 Hydraulische Installation -- 11.3 Mess- und regelungstechnische Einbindung



11.4 Zu beachtende Vorschriften und Verordnungen -- 12 Dosierverfahren, Dosierarten -- 12.1 Kontinuierliche Dosierung -- 12.2 Chargendosierung -- 12.3 Mengenproportionale Dosierung -- 12.4 Bedarfsabhängige Dosierung -- 13 Installationsempfehlungen -- 13.1 Dosieren in eine Rohrleitung unter konstantem Druck -- 13.2 Schutz vor Überdruck in der Dosierleitung -- 13.3 Dosieren bei schwankendem oder  wechselndem Gegendruck -- 13.4 Dosieren mit Dosierstrommessung -- 13.5 Dosieren bei freiem Auslauf (in einen Behälter,in ein Becken usw.) -- 13.6 Saugseitiger Vordruck -- 13.7 Ungünstiger Verlauf der Saugleitung und / oderausgasendes Fluid -- 13.8 Installationsempfehlung für erleichtertes Ansaugen -- 13.9 Pulsationsdämpfung -- 13.10 Dosieren von Suspensionen und Emulsionen -- 13.11 Dosieren viskoser Fluide -- 14 Applikationen (Anwendungsbeispiele) -- 14.1 Typische Anwendungsbereiche von Dosiereinrichtungen (Auswahl) -- 14.2 Applikationsbeispiele},
 author = {Dulger, Rainer V. and Fuchs, Klaus and Arnold, Christian and Freissler, Bernd and Fritsch, Horst and Rummer, Michael and Dulger, Viktor},
 year = {2016},
 title = {Richtig dosieren: Flüssigkeiten dosieren, messen, regeln},
 url = {https://ebookcentral.proquest.com/lib/gbv/detail.action?docID=5058409},
 address = {Würzburg},
 edition = {1st ed.},
 publisher = {{Vogel Buchverlag}},
 isbn = {9783834362261}
}


@misc{ECOM.2016,
 abstract = {},
 editor = {{ECOM Instruments GmbH}},
 year = {23.06.2016},
 title = {ATEX Kennzeichnung - ECOM Mobile Safety (Plakat)},
 url = {https://www.ecom-ex.com/fileadmin/user_upload/documents/ATEX_Plakat_ecom_05-16_DE.jpg},
 lastchecked = {10.02.2022}
}


@book{Foth.2005,
 abstract = {},
 author = {Foth, Hans-Jochen},
 year = {2005},
 title = {Hagen-Poiseuillesches Gesetz},
 url = {https://roempp.thieme.de/lexicon/RD-08-00189},
 publisher = {{Thieme Gruppe}}
}


@book{Foth.2010,
 abstract = {},
 author = {Foth, Hans-Jochen and Hülsenberg, Dagmar},
 year = {2010},
 title = {Viskosität},
 url = {https://roempp.thieme.de/lexicon/RD-22-00924},
 urldate = {27.01.2022},
 publisher = {{Thieme Gruppe}}
}


@book{Foth.2014,
 abstract = {},
 author = {Foth, Hans-Jochen},
 year = {2014},
 title = {Reynolds-Zahl},
 url = {https://roempp.thieme.de/lexicon/RD-18-01140},
 publisher = {{Thieme Gruppe}}
}


@book{Grunig.2013,
 abstract = {},
 author = {Grünig, Rudolf and Kühn, Richard},
 year = {2013},
 title = {Entscheidungsverfahren für komplexe Probleme},
 address = {Berlin, Heidelberg},
 publisher = {{Springer Berlin Heidelberg}},
 isbn = {978-3-642-31459-9},
 doi = {10.1007/978-3-642-31460-5},
 file = {Grünig-Kühn2013_Book_EntscheidungsverfahrenFürKompl:Attachments/Grünig-Kühn2013_Book_EntscheidungsverfahrenFürKompl.pdf:application/pdf}
}


@book{Hauptmanns.2020,
 abstract = {},
 author = {Hauptmanns, Ulrich},
 year = {2020},
 title = {Prozess- und Anlagensicherheit},
 address = {Berlin, Heidelberg},
 publisher = {{Springer Berlin Heidelberg}},
 isbn = {978-3-662-59708-8},
 doi = {10.1007/978-3-662-59709-5},
 file = {Hauptmanns2020_Book_Prozess-UndAnlagensicherheit:Attachments/Hauptmanns2020_Book_Prozess-UndAnlagensicherheit.pdf:application/pdf}
}


@book{Holze.2009,
 abstract = {},
 author = {Holze, Rudolf},
 year = {2009},
 title = {Newtonsche Flüssigkeiten},
 url = {https://roempp.thieme.de/lexicon/RD-14-01011},
 publisher = {{Thieme Gruppe}}
}


@book{Holze.2010,
 abstract = {},
 author = {Holze, Rudolf},
 year = {2010},
 title = {Nichtnewtonsche Flüssigkeiten},
 url = {https://roempp.thieme.de/lexicon/RD-14-01075},
 publisher = {{Thieme Gruppe}}
}


@book{Ignatowitz.2015,
 abstract = {},
 author = {Ignatowitz, Eckhard},
 year = {2015},
 title = {Chemietechnik},
 address = {Haan-Gruiten},
 edition = {12. Aufl., 1. Dr},
 publisher = {{Verl. Europa-Lehrmittel Nourney Vollmer}},
 isbn = {9783808571200}
}


@misc{KenPatterson.2017,
 abstract = {},
 author = {{Ken Patterson}, Phil Eames},
 year = {2017},
 title = {Hazard identification and evaluation},
 address = {Harlow},
 series = {Fundamentals of Process Safety}
}


@misc{MakrusKamroth.01.02.2022,
 abstract = {IBC:

- Transportierbar mit Hubwagen oder Gabelstapler

- große Lagerkapazitäten --> mit weniger Behältern mehr Lagerung

- mehrfache Verwendung möglich

- weniger Produktabfälle, da IBCs vollständig entleert werden können

- lediglich für große Abfüllmengen sinnvoll

- bei zu langen Standzeiten und geringen Abnahmemengen kann es eher zur Verkeimung kommen

- gut stapelbar

- In Kunststoff: Schlecht erwärmbar

- hat Anschlüsse



Fass:

- kleinere Abfüllmengen möglich

- extra Palette und Schrumpffolie nötig

- schlecht einzeln händelbar

- wird deshalb oft im 4er Pack genutzt

- werden in der Regel nur einmal verwendet

- Fässer hinterlassen tendenziell mehr Restprodukte

- nur mit Aufwand stapelbar

- lassen sich aufgrund kleinerer Größe besser erwärmen

- hat keine Anschlüsse --> Maximal Fassloch oder Spundloch



Beide:

- Beide Gebinde gibt es in vielen Varianten und Formen},
 author = {Kamroth, Markus},
 year = {01.02.2022},
 title = {Vergleich von IBCs und Fässern: Gespräch},
 editor = {{Roman-Luca Zank}}
}


@book{Mezger.2016,
 abstract = {Frontmatter -- Auf ein Wort -- Inhaltsverzeichnis -- 1. Einleitung -- 2. Fließverhalten und Viskosität -- 3. Rotationsversuche -- 4. Elastisches Verhalten und Schubmodul -- 5. Viskoelastisches Verhalten -- 6. Kriechversuch -- 7. Relaxationsversuch -- 8. Oszillationsversuche -- 9. Komplexes Verhalten von Tensidsystemen -- 10. Messsysteme -- 11. Messgeräte -- 12. Leitfaden für rheologische Versuche -- 13. Scherversuche mit Pulvern und Schüttgütern -- 14. Rheologen und die historische Entwicklung der Rheologie -- 15. Anhang -- 16. Normen -- Lebenslauf -- Danksagung -- Index



Um die Möglichkeiten der Rheologie in der industriellen Praxis zielgerichtet einsetzen zu können, ist ein fundiertes theoretisches Grundwissen, aber auch ein praxisorientiertes Verständnis für Versuche zur Materialcharakterisierung erforderlich. Genau dort setzt das Standardwerk von Thomas Mezger nun bereits in der fünften Auflage an: Die neue, überarbeitete Auflage wurde um zahlreiche Beispieleaus der Praxis ergänzt und bringt sowohl Anfängern als auch fortgeschrittenen Anwendern eine Vielzahl an praktischen Einsatzmöglichkeiten der Rheologie näher. Eine aktualisierte Übersicht relevanter Normen sowie ein neues Kapitel zur Pulver-Rheologie runden das verständliche Lehrbuch ab},
 year = {2016},
 title = {Das Rheologie Handbuch: Für Anwender von Rotations- und Oszillations-Rheometern},
 address = {Hannover},
 edition = {5., vollständig überarbeitete Auflage},
 publisher = {{Vincentz Network}},
 isbn = {9783748600121},
 editor = {Mezger, Thomas},
 doi = {10.1515/9783748600121}
}


@misc{Msimca.2017,
 abstract = {},
 author = {Msimca},
 year = {14.05.2017},
 title = {Reynoldszahl-Diagramm für gerade Rohrleitungen nach Prandtl-Colebrook},
 url = {https://upload.wikimedia.org/wikipedia/commons/f/f3/R_Rohrreibungsbeiwert.jpg},
 lastchecked = {27.01.2022},
 note = {(bearbeitet), CC-BY-SA-4.0}
}


@misc{MunzingChemieGmbH.2011,
 abstract = {},
 editor = {{Münzing Chemie GmbH}},
 year = {2011},
 title = {TAFIGEL® PUR und TAFIGEL® AP: Rheologiemodifizierer},
 url = {https://docplayer.org/storage/78/77824005/1643643018/XVQRXdDmnHVS9siwPX-2Iw/77824005.pdf},
 lastchecked = {31.01.2022},
 file = {TAFIGEL PUR und TAFIGEL AP:Attachments/TAFIGEL PUR und TAFIGEL AP.pdf:application/pdf}
}


@misc{MunzingChemieGmbH.2012,
 abstract = {},
 editor = {{Münzing Chemie GmbH}},
 year = {2012},
 title = {Additive für Beschichtungen},
 url = {http://www.alpha-alpen.com/MUE_2012.pdf},
 lastchecked = {31.01.2022},
 file = {MUE_2012:Attachments/MUE_2012.pdf:application/pdf}
}


@misc{MunzingChemieGmbH.2014,
 abstract = {},
 editor = {{Münzing Chemie GmbH}},
 year = {März 2014},
 title = {Technisches Datenblatt - TAFIGEL PUR 85},
 url = {https://www.munzing.com/static/06f130839b44f324b19e0c2d6e8ace93/td_TAFIGEL_PUR_85_DE_f12e7b1de6.pdf},
 lastchecked = {28.01.2022}
}


@misc{MunzingChemieGmbH.2018,
 abstract = {},
 editor = {{Münzing Chemie GmbH}},
 year = {2018},
 title = {TAFIGEL® RHEOLOGIEMODIFIZIERER: Technische Nachrichten Nr. 04},
 url = {https://docplayer.org/storage/69/60353187/1643642820/Qj1vDFp1hoXznndlj8RBog/60353187.pdf},
 lastchecked = {31.01.2022},
 file = {RHEOLOGIEMODIFIZIERER:Attachments/RHEOLOGIEMODIFIZIERER.pdf:application/pdf}
}


@misc{MunzingChemieGmbH.2020,
 abstract = {},
 editor = {{Münzing Chemie GmbH}},
 year = {04.03.2020},
 title = {Sicherheitstechnisches Datenblatt - TAFIGEL PUR 85},
 url = {https://www.munzing.com/static/b67edf68ea3d380bb5a443262f0eb954/msds_TAFIGEL_PUR_85_01_DE_1e090ce1bd.pdf},
 lastchecked = {14.02.2022},
 file = {msds_TAFIGEL_PUR_85_01_DE_1e090ce1bd:Attachments/msds_TAFIGEL_PUR_85_01_DE_1e090ce1bd.pdf:application/pdf}
}


@misc{neueverpackung.01.02.2022,
 abstract = {IBC (Intermediate Bulk Container) sind entstanden aus der vermeintlich einfachen Idee, Fässer zu bündeln. In der Folgezeit erkannten Nutzer, wie vielfältig die Einsatzmöglichkeiten der Container sind. Entsprechend wurden IBC ausgebaut und spezifiziert. Eine Erfolgsgeschichte, die auch in Zukunft weiteres Potenzial entfalten wird.},
 author = {{Hüthig GmbH}},
 year = {01.02.2022},
 title = {Die Entwicklung des Edelstahl-IBC und seine Einsatzgebiete},
 url = {https://www.neue-verpackung.de/markt/die-entwicklung-des-edelstahl-ibc-und-seine-einsatzgebiete-11.html},
 lastchecked = {01.02.2022}
}


@book{Neumann.2010,
 abstract = {},
 author = {Neumann, Joachim and Krug, Harald F. and Thanheiser, Marc},
 year = {2010},
 title = {Risiko},
 url = {https://roempp.thieme.de/lexicon/RD-18-01489},
 publisher = {{Thieme Gruppe}}
}


@book{Neumann.2010b,
 abstract = {},
 author = {Neumann, Joachim},
 year = {2010},
 title = {Risikomatrix},
 url = {https://roempp.thieme.de/lexicon/RD-18-02560},
 publisher = {{Thieme Gruppe}}
}


@book{Neumann.2010c,
 abstract = {},
 author = {Neumann, Joachim},
 year = {2010},
 title = {Risikoanalyse},
 url = {https://roempp.thieme.de/lexicon/RD-18-01493},
 publisher = {{Thieme Gruppe}}
}


@misc{PonndorfGeratetechnikGmbH.2020,
 abstract = {},
 editor = {{Ponndorf Gerätetechnik GmbH}},
 year = {2020},
 title = {Datenblatt Ponndorf P Classic},
 url = {https://www.ponndorf.de/fileadmin/documents/Downloads/Datenblaetter/Datenblatt_Data_Sheet_P_classic.pdf},
 lastchecked = {23.02.2022},
 file = {Datenblatt_Data_Sheet_P_classic:Attachments/Datenblatt_Data_Sheet_P_classic.pdf:application/pdf}
}


@misc{QElectroTechproject.21.02.2021,
 abstract = {},
 author = {{the QElectroTech team}},
 year = {21.02.2021},
 title = {QElectroTech},
 url = {https://qelectrotech.org/},
 isbn = {qelectro2021}
}


@book{ROMPPRedaktion.2008,
 abstract = {},
 author = {RÖMPP-Redaktion and Millow, Sieghard},
 year = {2008},
 title = {Viskosimeter},
 url = {https://roempp.thieme.de/lexicon/RD-22-00922},
 publisher = {{Thieme Gruppe}}
}


@misc{SAP.04.02.2022,
 abstract = {},
 editor = {{SAP SE}},
 year = {04.02.2022},
 title = {Production Campaign - SAP Help Portal},
 url = {https://help.sap.com/viewer/698b19fa88b846359bc611f11184c810/6.18.latest/en-US/7280bf53f106b44ce10000000a174cb4.html},
 lastchecked = {08.02.2022}
}


@misc{SteffiReinhardt.2016,
 abstract = {},
 author = {{Steffi Reinhardt}},
 year = {11.10.2016},
 title = {Prüfvorschrift - Bestimmung der Viskosität - LL/PV 170 QC 005a},
 address = {Leuna},
 urldate = {16.02.2022},
 number = {Revision 01},
 editor = {{Alberdingk Boley Leuna GmbH}}
}


@misc{UlfSchubert.2020,
 abstract = {},
 author = {{Ulf Schubert}},
 year = {2020},
 title = {3.5 Methoden zur Identifizierung von Störungen und ihre Bewertung},
 series = {Vorlesung Anlagen- und Sicherheitstechnik - Präsentation für BCUT},
 institutions = {{Hochschule Merseburg}}
}


@book{VDIVDEGesellschaftMessundAutomatisierungstechnik.2002,
 abstract = {},
 year = {2002},
 title = {Abfüllen und Dosieren von Flüssigkeiten und Feststoffen: Anwendungen und neue Trends ; Tagung Langen 4. und 5. März 2002},
 price = {EUR 58.00},
 address = {Düsseldorf},
 volume = {1652},
 publisher = {VDI-Verl.},
 isbn = {3180916524},
 series = {VDI-Berichte},
 institution = {{VDI/VDE-Gesellschaft Mess- und Automatisierungstechnik} and Tagung}
}


@misc{VEGA.07.02.2022,
 abstract = {},
 author = {{VEGA Grieshaber KG}},
 year = {07.02.2022},
 title = {VEGAPULS 21},
 url = {https://www.vega.com/de-de/produkte/produktkatalog/fuellstand/radar/vegapuls-21},
 lastchecked = {07.02.2022}
}


@book{Vetter.2002,
 abstract = {},
 year = {2002},
 title = {Handbuch Dosieren},
 price = {EUR 110.00},
 address = {Essen},
 edition = {2. Aufl.},
 publisher = {Vulkan-Verl.},
 isbn = {3802721993},
 editor = {Vetter, Gerhard}
}


@misc{Wikipedia.2020,
 abstract = {Ultraschall-Durchflussmesser (USD oder UDM) messen die Geschwindigkeit eines strömenden Mediums (Gas, Flüssigkeit) mit Hilfe akustischer Wellen. Diese Durchflussmesseinrichtung besteht gemäß der grundlegenden DIN-Norm 1319 aus zwei Teilen: dem eigentlichen Messaufnehmer (Ultraschallsensor) sowie einem Auswerte- und Speiseteil (Transmitter oder Messumformer).

Die akustische Durchflussmessung bietet einige Vorzüge gegenüber anderen Messverfahren. Die Messung ist weitgehend unabhängig von den Eigenschaften der verwendeten Medien wie elektrische Leitfähigkeit, Dichte, Temperatur und Viskosität. Das Fehlen bewegter mechanischer Teile verringert den Wartungsaufwand und ein Druckverlust durch Querschnittsverengung entsteht nicht. Ein großer Messbereich zählt zu den weiteren positiven Eigenschaften dieses Verfahrens. Für die akustische Strömungsmessung mittels Ultraschall kommen in industriellen Anlagen zwei wesentliche Messprinzipien zum Einsatz: Das Ultraschall-Doppler-Verfahren und Ultraschall-Laufzeit-Verfahren. Die Messverfahren der Ultraschalldurchflussmessung können in folgende vier unterschiedlichen Messprinzipien unterteilt werden:},
 editor = {Wikipedia},
 year = {2020},
 title = {Ultraschall-Durchflussmesser},
 url = {https://de.wikipedia.org/w/index.php?title=Ultraschall-Durchflussmesser&oldid=206388262},
 lastchecked = {07.02.2022},
 file = {Wikipedia (Hg.) 2020 - Ultraschall-Durchflussmesser:Attachments/Wikipedia (Hg.) 2020 - Ultraschall-Durchflussmesser.pdf:application/pdf},
 note = {Creative Commons Attribution-ShareAlike License
Page Version ID: 206388262}
}


@misc{Wikipedia.2021,
 abstract = {Magnetisch-induktive Durchflussmesser, kurz MID, verwenden eine Messmethode, die auf dem Faraday’schen Gesetz der elektromagnetischen Induktion beruht. Der Messaufnehmer erzeugt aus dem Durchfluss ein elektrisch nutzbares Signal.},
 editor = {Wikipedia},
 year = {2021},
 title = {Magnetisch-induktiver Durchflussmesser},
 url = {https://de.wikipedia.org/w/index.php?title=Magnetisch-induktiver_Durchflussmesser&oldid=218181851},
 lastchecked = {07.02.2022},
 file = {Wikipedia (Hg.) 2021 - Magnetisch-induktiver Durchflussmesser:Attachments/Wikipedia (Hg.) 2021 - Magnetisch-induktiver Durchflussmesser.pdf:application/pdf},
 note = {Creative Commons Attribution-ShareAlike License
Page Version ID: 218181851}
}


@misc{Wilkins.01.02.2022,
 abstract = {Switching from drums to IBC totes can save you up to 75{\%} of your expenditure. Learn how with a free comparison guide.},
 author = {Wilkins, Tom},
 year = {01.02.2022},
 title = {IBC Totes vs. Drums: What are the key advantages?},
 url = {https://www.metanousa.com/blog/bid/346087/IBC-Totes-vs-Drums-What-are-the-key-advantages},
 lastchecked = {01.02.2022}
}


